<record><leader>00000cas a22000007a 4500</leader><controlfield tag="001">12395839</controlfield><controlfield tag="008">850817d18471864pauwr ne      0    0eng d</controlfield><controlfield tag="009">3783</controlfield><datafield ind1=" " ind2=" " tag="010"><subfield code="a">sn 85038381 </subfield></datafield><datafield ind1=" " ind2=" " tag="040"><subfield code="a">NPY</subfield><subfield code="b">eng</subfield><subfield code="c">NPY</subfield><subfield code="d">NPH</subfield><subfield code="d">NPY</subfield><subfield code="d">DLC</subfield><subfield code="d">NPX</subfield><subfield code="d">NPH</subfield><subfield code="d">MFN</subfield></datafield><datafield ind1="1" ind2=" " tag="029"><subfield code="a">AU@</subfield><subfield code="b">000025793550</subfield></datafield><datafield ind1=" " ind2=" " tag="042"><subfield code="a">msc</subfield></datafield><datafield ind1="0" ind2="0" tag="050"><subfield code="a">Newspaper 9375-X</subfield></datafield><datafield ind1="0" ind2="0" tag="245"><subfield code="a">Star and banner.</subfield></datafield><datafield ind1=" " ind2=" " tag="260"><subfield code="a">Gettysburg, Pa. :</subfield><subfield code="b">D.A. Buehler,</subfield></datafield><datafield ind1=" " ind2=" " tag="300"><subfield code="a">v.</subfield></datafield><datafield ind1=" " ind2=" " tag="310"><subfield code="a">Weekly</subfield></datafield><datafield ind1="0" ind2=" " tag="362"><subfield code="a">Vol. 18, no. 11 (May 28, 1847)-    = new ser. 1-</subfield></datafield><datafield ind1="1" ind2=" " tag="362"><subfield code="a">Ceased in 1864.</subfield></datafield><datafield ind1=" " ind2=" " tag="752"><subfield code="a">United States</subfield><subfield code="b">Pennsylvania</subfield><subfield code="c">Adams</subfield><subfield code="d">Gettysburg.</subfield></datafield><datafield ind1="0" ind2="0" tag="780"><subfield code="t">Star and Republican banner</subfield><subfield code="w">(DLC)sn 86081069</subfield></datafield><datafield ind1="0" ind2="0" tag="785"><subfield code="t">Gettysburg star</subfield><subfield code="w">(DLC)sn 86053513</subfield></datafield></record>